

@book{isaaks_introduction_1989,
	title = {An {Introduction} to {Applied} {Geostatistics}},
	publisher = {Oxford University Press},
	author = {Isaaks, Edward and Srivastava, Mohan},
	year = {1989},
	annote = {for readers who are unfamiliar with these concepts, a rapid overview of the theory of continuous random variables constitutes cruel and unusual punishment},
	annote = {Having gone to considerable trouble to minimize the error variance, we may be interested in knowing this minimum value.},
}
