@book{Jahne:2004:PHI:983100,
 author = {JÃ¤hne, Bernd},
 title = {Practical Handbook on Image Processing for Scientific and Technical Applications, Second Edition},
 year = {2004},
 isbn = {0849319005},
 publisher = {CRC Press, Inc.},
 address = {Boca Raton, FL, USA},
}
